<?xml version="1.0" encoding="UTF-8"?><record xmlns="http://www.loc.gov/MARC21/slim" xmlns:cinclude="http://apache.org/cocoon/include/1.0" xmlns:zs="http://www.loc.gov/zing/srw/">
  <leader>00465nz  a2200145n  4500</leader>
  <controlfield tag="001">n 2012032187</controlfield>
  <controlfield tag="003">DLC</controlfield>
  <controlfield tag="005">20120515074820.0</controlfield>
  <controlfield tag="008">120514n| acannaabn          |b aaa      </controlfield>
  <datafield tag="010" ind1=" " ind2=" ">
    <subfield code="a">n 2012032187</subfield>
  </datafield>
  <datafield tag="040" ind1=" " ind2=" ">
    <subfield code="a">DLC</subfield>
    <subfield code="b">eng</subfield>
    <subfield code="c">DLC</subfield>
  </datafield>
  <datafield tag="100" ind1="1" ind2=" ">
    <subfield code="a">Svi︠a︡tloŭ, B. U.</subfield>
  </datafield>
  <datafield tag="400" ind1="1" ind2=" ">
    <subfield code="a">Святлоў, Б. У.</subfield>
  </datafield>
  <datafield tag="667" ind1=" " ind2=" ">
    <subfield code="a">Non-Latin script reference not evaluated</subfield>
  </datafield>
  <datafield tag="670" ind1=" " ind2=" ">
    <subfield code="a">Kulʹtura va ŭmovakh hlabalizatsyi, 2010:</subfield>
    <subfield code="b">t.p. verso (B.U. Svi︠a︡tloŭ = Б.У. Святлоў)</subfield>
  </datafield>
</record>